<collection xmlns="http://www.loc.gov/MARC21/slim">
<record>
  <leader>00774nam0a22001931i 450 </leader>
  <controlfield tag="001">IT\ICCU\CNCE\060634</controlfield>
  <controlfield tag="005">20121002000000.0</controlfield>
  <datafield tag="100" ind1=" " ind2=" ">
    <subfield code="a">20050622d1549        0itac0103    ba</subfield>
  </datafield>
  <datafield tag="101" ind1=" " ind2=" ">
    <subfield code="a">ITA</subfield>
  </datafield>
  <datafield tag="102" ind1=" " ind2=" ">
    <subfield code="a">FR</subfield>
  </datafield>
  <datafield tag="200" ind1="1" ind2=" ">
    <subfield code="a">Epistole di san Paolo apostolo, dal greco tradotte in lingua toscana et nuovamente riviste et ricorrette</subfield>
  </datafield>
  <datafield tag="210" ind1=" " ind2=" ">
    <subfield code="e">In Lyone</subfield>
    <subfield code="g">stampato per Philiberto Rolleto et Bartholomeo Freno</subfield>
    <subfield code="h">1549</subfield>
  </datafield>
  <datafield tag="215" ind1=" " ind2=" ">
    <subfield code="a">334, \26! p.</subfield>
    <subfield code="d">16ʻ</subfield>
  </datafield>
  <datafield tag="300" ind1=" " ind2=" ">
    <subfield code="a">ANNULLATA! E&apos; LA 2ʻ PT. DI 60592</subfield>
  </datafield>
  <datafield tag="620" ind1=" " ind2=" ">
    <subfield code="a">FR</subfield>
    <subfield code="d">Lione</subfield>
  </datafield>
  <datafield tag="712" ind1="0" ind2="0">
    <subfield code="a">Rollet, Philibert &amp; Frein, Barthľemy</subfield>
    <subfield code="3">IT\ICCU\CNCT\001045</subfield>
    <subfield code="4">650</subfield>
  </datafield>
  <datafield tag="791" ind1="0" ind2="0">
    <subfield code="a">Frein, Barthľemy</subfield>
    <subfield code="3">IT\ICCU\CNCT\001044</subfield>
    <subfield code="z">Rollet, Philibert &amp; Frein, Barthľemy</subfield>
  </datafield>
  <datafield tag="801" ind1=" " ind2="3">
    <subfield code="a">IT</subfield>
    <subfield code="b">ICCU</subfield>
    <subfield code="c">20201115</subfield>
  </datafield>
  <datafield tag="899" ind1=" " ind2=" ">
    <subfield code="a">Biblioteca nazionale centrale. Firenze</subfield>
    <subfield code="1">FI0098</subfield>
    <subfield code="2">CFI CF</subfield>
  </datafield>
</record>
</collection>
